@article{young_reproductive_2001,
        title = {Reproductive pair correlations and the clustering of organisms},
        volume = {412},
        number = {6844},
        journal = {Nature},
        author = {Young, W. R. and Roberts, A. J. and Stuhne, G.},
        year = {2001},
        pages = {328--331},
}
